%YAML 1.1
%TAG !u! tag:unity3d.com,2011:
--- !u!1 &498581560823097740
GameObject:
  m_ObjectHideFlags: 0
  m_CorrespondingSourceObject: {fileID: 0}
  m_PrefabInstance: {fileID: 0}
  m_PrefabAsset: {fileID: 0}
  serializedVersion: 6
  m_Component:
  - component: {fileID: 389215972819584556}
  m_Layer: 0
  m_Name: Graphics
  m_TagString: Untagged
  m_Icon: {fileID: 0}
  m_NavMeshLayer: 0
  m_StaticEditorFlags: 0
  m_IsActive: 1
--- !u!4 &389215972819584556
Transform:
  m_ObjectHideFlags: 0
  m_CorrespondingSourceObject: {fileID: 0}
  m_PrefabInstance: {fileID: 0}
  m_PrefabAsset: {fileID: 0}
  m_GameObject: {fileID: 498581560823097740}
  m_LocalRotation: {x: -0, y: -0, z: -0, w: 1}
  m_LocalPosition: {x: 0, y: 0, z: 0}
  m_LocalScale: {x: 1, y: 1, z: 1}
  m_Children:
  - {fileID: 8041952904163548948}
  m_Father: {fileID: 5075603614271697094}
  m_RootOrder: 0
  m_LocalEulerAnglesHint: {x: 0, y: 0, z: 0}
--- !u!1 &4144970602942988066
GameObject:
  m_ObjectHideFlags: 0
  m_CorrespondingSourceObject: {fileID: 0}
  m_PrefabInstance: {fileID: 0}
  m_PrefabAsset: {fileID: 0}
  serializedVersion: 6
  m_Component:
  - component: {fileID: 5075603614271697094}
  - component: {fileID: 5134509963806713795}
  - component: {fileID: 56544383305241449}
  m_Layer: 0
  m_Name: Enemy_Medium
  m_TagString: Enemy
  m_Icon: {fileID: 0}
  m_NavMeshLayer: 0
  m_StaticEditorFlags: 0
  m_IsActive: 1
--- !u!4 &5075603614271697094
Transform:
  m_ObjectHideFlags: 0
  m_CorrespondingSourceObject: {fileID: 0}
  m_PrefabInstance: {fileID: 0}
  m_PrefabAsset: {fileID: 0}
  m_GameObject: {fileID: 4144970602942988066}
  m_LocalRotation: {x: -0, y: -0, z: -0, w: 1}
  m_LocalPosition: {x: 0, y: 0, z: 0}
  m_LocalScale: {x: 1, y: 1, z: 1}
  m_Children:
  - {fileID: 389215972819584556}
  - {fileID: 572340502365896386}
  - {fileID: 6106366495552001443}
  m_Father: {fileID: 0}
  m_RootOrder: 0
  m_LocalEulerAnglesHint: {x: 0, y: 0, z: 0}
--- !u!61 &5134509963806713795
BoxCollider2D:
  m_ObjectHideFlags: 0
  m_CorrespondingSourceObject: {fileID: 0}
  m_PrefabInstance: {fileID: 0}
  m_PrefabAsset: {fileID: 0}
  m_GameObject: {fileID: 4144970602942988066}
  m_Enabled: 1
  m_Density: 1
  m_Material: {fileID: 0}
  m_IsTrigger: 1
  m_UsedByEffector: 0
  m_UsedByComposite: 0
  m_Offset: {x: 0, y: 0}
  m_SpriteTilingProperty:
    border: {x: 0, y: 0, z: 0, w: 0}
    pivot: {x: 0, y: 0}
    oldSize: {x: 0, y: 0}
    newSize: {x: 0, y: 0}
    adaptiveTilingThreshold: 0
    drawMode: 0
    adaptiveTiling: 0
  m_AutoTiling: 0
  serializedVersion: 2
  m_Size: {x: 1, y: 1}
  m_EdgeRadius: 0
--- !u!114 &56544383305241449
MonoBehaviour:
  m_ObjectHideFlags: 0
  m_CorrespondingSourceObject: {fileID: 0}
  m_PrefabInstance: {fileID: 0}
  m_PrefabAsset: {fileID: 0}
  m_GameObject: {fileID: 4144970602942988066}
  m_Enabled: 1
  m_EditorHideFlags: 0
  m_Script: {fileID: 11500000, guid: 37d3c157faa969e4e888db63664b45ce, type: 3}
  m_Name: 
  m_EditorClassIdentifier: 
  Basic_Enemy_Used: 0
  Medium_Enemy_Used: 1
  Heavy_Enemy_Used: 0
  Boss1_Used: 0
  BasicEnemy_sprites: []
  MediumEnemy_sprites:
  - {fileID: 8041952904163548945}
  HeavyEnemy_sprites: []
  Boss1_Idle: {fileID: 0}
  Boss1_StartShooting: {fileID: 0}
  Boss1_Shooting: {fileID: 0}
  Boss1_FinishShooting: {fileID: 0}
  Boss1_FinishShootingTime: 0
  Boss1_StartShootingTime: 0
  Boss1_ShootTime: 0
  Boss1_MovementTime: 50
  Boss1_SpeedX: 0
  Boss1_SpeedY: 0
  Boss1_MaxPosX: 20
  PowerUp_Can_Drop: 1
  Healing_Can_Drop: 1
  PowerUp_sprite: {fileID: 2783531299395686524, guid: d0a06a65b2fcace49b38ed614b0d3fcc,
    type: 3}
  Healing_Sprite: {fileID: 1663385449326344227, guid: ead022d71b8dd674a8ddaadfaac8e3c1,
    type: 3}
  collider: {fileID: 5134509963806713795}
  ps: {fileID: 572340502365896388}
  audioSource: {fileID: 2584532239838810671}
  puntuacion: 100
  score_medium: 150
  score_heavy: 200
  score_Boss1: 1000
  life_medium: 3
  life_Heavy: 5
  life_Boss1: 50
  bullet: {fileID: 6242207857700999515, guid: a9cf5bccdc1bec642bae2716f8e7b6f3, type: 3}
  limitX: 8.4
  limitY: 4.4
  limitYNegative: -4.4
--- !u!1001 &611367960976839245
PrefabInstance:
  m_ObjectHideFlags: 0
  serializedVersion: 2
  m_Modification:
    m_TransformParent: {fileID: 389215972819584556}
    m_Modifications:
    - target: {fileID: 7486885170470096217, guid: 69cfd88e69957714abd2fb9c4e9c52fd,
        type: 3}
      propertyPath: m_LocalPosition.x
      value: 0
      objectReference: {fileID: 0}
    - target: {fileID: 7486885170470096217, guid: 69cfd88e69957714abd2fb9c4e9c52fd,
        type: 3}
      propertyPath: m_LocalPosition.y
      value: 0
      objectReference: {fileID: 0}
    - target: {fileID: 7486885170470096217, guid: 69cfd88e69957714abd2fb9c4e9c52fd,
        type: 3}
      propertyPath: m_LocalPosition.z
      value: 0
      objectReference: {fileID: 0}
    - target: {fileID: 7486885170470096217, guid: 69cfd88e69957714abd2fb9c4e9c52fd,
        type: 3}
      propertyPath: m_LocalRotation.x
      value: 0
      objectReference: {fileID: 0}
    - target: {fileID: 7486885170470096217, guid: 69cfd88e69957714abd2fb9c4e9c52fd,
        type: 3}
      propertyPath: m_LocalRotation.y
      value: 0
      objectReference: {fileID: 0}
    - target: {fileID: 7486885170470096217, guid: 69cfd88e69957714abd2fb9c4e9c52fd,
        type: 3}
      propertyPath: m_LocalRotation.z
      value: 0.7071068
      objectReference: {fileID: 0}
    - target: {fileID: 7486885170470096217, guid: 69cfd88e69957714abd2fb9c4e9c52fd,
        type: 3}
      propertyPath: m_LocalRotation.w
      value: 0.7071068
      objectReference: {fileID: 0}
    - target: {fileID: 7486885170470096217, guid: 69cfd88e69957714abd2fb9c4e9c52fd,
        type: 3}
      propertyPath: m_RootOrder
      value: 0
      objectReference: {fileID: 0}
    - target: {fileID: 7486885170470096217, guid: 69cfd88e69957714abd2fb9c4e9c52fd,
        type: 3}
      propertyPath: m_LocalEulerAnglesHint.x
      value: 0
      objectReference: {fileID: 0}
    - target: {fileID: 7486885170470096217, guid: 69cfd88e69957714abd2fb9c4e9c52fd,
        type: 3}
      propertyPath: m_LocalEulerAnglesHint.y
      value: 0
      objectReference: {fileID: 0}
    - target: {fileID: 7486885170470096217, guid: 69cfd88e69957714abd2fb9c4e9c52fd,
        type: 3}
      propertyPath: m_LocalEulerAnglesHint.z
      value: 90
      objectReference: {fileID: 0}
    - target: {fileID: 7486885170470096220, guid: 69cfd88e69957714abd2fb9c4e9c52fd,
        type: 3}
      propertyPath: m_Name
      value: EnemigoMedium01
      objectReference: {fileID: 0}
    m_RemovedComponents: []
  m_SourcePrefab: {fileID: 100100000, guid: 69cfd88e69957714abd2fb9c4e9c52fd, type: 3}
--- !u!1 &8041952904163548945 stripped
GameObject:
  m_CorrespondingSourceObject: {fileID: 7486885170470096220, guid: 69cfd88e69957714abd2fb9c4e9c52fd,
    type: 3}
  m_PrefabInstance: {fileID: 611367960976839245}
  m_PrefabAsset: {fileID: 0}
--- !u!4 &8041952904163548948 stripped
Transform:
  m_CorrespondingSourceObject: {fileID: 7486885170470096217, guid: 69cfd88e69957714abd2fb9c4e9c52fd,
    type: 3}
  m_PrefabInstance: {fileID: 611367960976839245}
  m_PrefabAsset: {fileID: 0}
--- !u!1001 &1092617599325283607
PrefabInstance:
  m_ObjectHideFlags: 0
  serializedVersion: 2
  m_Modification:
    m_TransformParent: {fileID: 5075603614271697094}
    m_Modifications:
    - target: {fileID: 4309781548353512264, guid: 92b62f8e32baaad42bb0e74c4a88997f,
        type: 3}
      propertyPath: m_Name
      value: ExplosionAudio
      objectReference: {fileID: 0}
    - target: {fileID: 6600001147881582772, guid: 92b62f8e32baaad42bb0e74c4a88997f,
        type: 3}
      propertyPath: m_LocalPosition.x
      value: 0
      objectReference: {fileID: 0}
    - target: {fileID: 6600001147881582772, guid: 92b62f8e32baaad42bb0e74c4a88997f,
        type: 3}
      propertyPath: m_LocalPosition.y
      value: 0
      objectReference: {fileID: 0}
    - target: {fileID: 6600001147881582772, guid: 92b62f8e32baaad42bb0e74c4a88997f,
        type: 3}
      propertyPath: m_LocalPosition.z
      value: 0
      objectReference: {fileID: 0}
    - target: {fileID: 6600001147881582772, guid: 92b62f8e32baaad42bb0e74c4a88997f,
        type: 3}
      propertyPath: m_LocalRotation.x
      value: 0
      objectReference: {fileID: 0}
    - target: {fileID: 6600001147881582772, guid: 92b62f8e32baaad42bb0e74c4a88997f,
        type: 3}
      propertyPath: m_LocalRotation.y
      value: 0
      objectReference: {fileID: 0}
    - target: {fileID: 6600001147881582772, guid: 92b62f8e32baaad42bb0e74c4a88997f,
        type: 3}
      propertyPath: m_LocalRotation.z
      value: 0
      objectReference: {fileID: 0}
    - target: {fileID: 6600001147881582772, guid: 92b62f8e32baaad42bb0e74c4a88997f,
        type: 3}
      propertyPath: m_LocalRotation.w
      value: 1
      objectReference: {fileID: 0}
    - target: {fileID: 6600001147881582772, guid: 92b62f8e32baaad42bb0e74c4a88997f,
        type: 3}
      propertyPath: m_RootOrder
      value: 2
      objectReference: {fileID: 0}
    - target: {fileID: 6600001147881582772, guid: 92b62f8e32baaad42bb0e74c4a88997f,
        type: 3}
      propertyPath: m_LocalEulerAnglesHint.x
      value: 0
      objectReference: {fileID: 0}
    - target: {fileID: 6600001147881582772, guid: 92b62f8e32baaad42bb0e74c4a88997f,
        type: 3}
      propertyPath: m_LocalEulerAnglesHint.y
      value: 0
      objectReference: {fileID: 0}
    - target: {fileID: 6600001147881582772, guid: 92b62f8e32baaad42bb0e74c4a88997f,
        type: 3}
      propertyPath: m_LocalEulerAnglesHint.z
      value: 0
      objectReference: {fileID: 0}
    m_RemovedComponents: []
  m_SourcePrefab: {fileID: 100100000, guid: 92b62f8e32baaad42bb0e74c4a88997f, type: 3}
--- !u!4 &6106366495552001443 stripped
Transform:
  m_CorrespondingSourceObject: {fileID: 6600001147881582772, guid: 92b62f8e32baaad42bb0e74c4a88997f,
    type: 3}
  m_PrefabInstance: {fileID: 1092617599325283607}
  m_PrefabAsset: {fileID: 0}
--- !u!82 &2584532239838810671 stripped
AudioSource:
  m_CorrespondingSourceObject: {fileID: 3240299843091740472, guid: 92b62f8e32baaad42bb0e74c4a88997f,
    type: 3}
  m_PrefabInstance: {fileID: 1092617599325283607}
  m_PrefabAsset: {fileID: 0}
--- !u!1001 &8421226717388722406
PrefabInstance:
  m_ObjectHideFlags: 0
  serializedVersion: 2
  m_Modification:
    m_TransformParent: {fileID: 5075603614271697094}
    m_Modifications:
    - target: {fileID: 8299968857816018465, guid: a2005f9a3ba73194ea22a2a5ca8b664a,
        type: 3}
      propertyPath: m_Name
      value: Explosion
      objectReference: {fileID: 0}
    - target: {fileID: 8299968857816018468, guid: a2005f9a3ba73194ea22a2a5ca8b664a,
        type: 3}
      propertyPath: m_LocalPosition.x
      value: 0
      objectReference: {fileID: 0}
    - target: {fileID: 8299968857816018468, guid: a2005f9a3ba73194ea22a2a5ca8b664a,
        type: 3}
      propertyPath: m_LocalPosition.y
      value: 0
      objectReference: {fileID: 0}
    - target: {fileID: 8299968857816018468, guid: a2005f9a3ba73194ea22a2a5ca8b664a,
        type: 3}
      propertyPath: m_LocalPosition.z
      value: 0
      objectReference: {fileID: 0}
    - target: {fileID: 8299968857816018468, guid: a2005f9a3ba73194ea22a2a5ca8b664a,
        type: 3}
      propertyPath: m_LocalRotation.x
      value: 0
      objectReference: {fileID: 0}
    - target: {fileID: 8299968857816018468, guid: a2005f9a3ba73194ea22a2a5ca8b664a,
        type: 3}
      propertyPath: m_LocalRotation.y
      value: 0
      objectReference: {fileID: 0}
    - target: {fileID: 8299968857816018468, guid: a2005f9a3ba73194ea22a2a5ca8b664a,
        type: 3}
      propertyPath: m_LocalRotation.z
      value: 0
      objectReference: {fileID: 0}
    - target: {fileID: 8299968857816018468, guid: a2005f9a3ba73194ea22a2a5ca8b664a,
        type: 3}
      propertyPath: m_LocalRotation.w
      value: 1
      objectReference: {fileID: 0}
    - target: {fileID: 8299968857816018468, guid: a2005f9a3ba73194ea22a2a5ca8b664a,
        type: 3}
      propertyPath: m_RootOrder
      value: 1
      objectReference: {fileID: 0}
    - target: {fileID: 8299968857816018468, guid: a2005f9a3ba73194ea22a2a5ca8b664a,
        type: 3}
      propertyPath: m_LocalEulerAnglesHint.x
      value: 0
      objectReference: {fileID: 0}
    - target: {fileID: 8299968857816018468, guid: a2005f9a3ba73194ea22a2a5ca8b664a,
        type: 3}
      propertyPath: m_LocalEulerAnglesHint.y
      value: 0
      objectReference: {fileID: 0}
    - target: {fileID: 8299968857816018468, guid: a2005f9a3ba73194ea22a2a5ca8b664a,
        type: 3}
      propertyPath: m_LocalEulerAnglesHint.z
      value: 0
      objectReference: {fileID: 0}
    m_RemovedComponents: []
  m_SourcePrefab: {fileID: 100100000, guid: a2005f9a3ba73194ea22a2a5ca8b664a, type: 3}
--- !u!4 &572340502365896386 stripped
Transform:
  m_CorrespondingSourceObject: {fileID: 8299968857816018468, guid: a2005f9a3ba73194ea22a2a5ca8b664a,
    type: 3}
  m_PrefabInstance: {fileID: 8421226717388722406}
  m_PrefabAsset: {fileID: 0}
--- !u!198 &572340502365896388 stripped
ParticleSystem:
  m_CorrespondingSourceObject: {fileID: 8299968857816018466, guid: a2005f9a3ba73194ea22a2a5ca8b664a,
    type: 3}
  m_PrefabInstance: {fileID: 8421226717388722406}
  m_PrefabAsset: {fileID: 0}
