%YAML 1.1
%TAG !u! tag:unity3d.com,2011:
--- !u!1 &6294314374247454867
GameObject:
  m_ObjectHideFlags: 0
  m_CorrespondingSourceObject: {fileID: 0}
  m_PrefabInstance: {fileID: 0}
  m_PrefabAsset: {fileID: 0}
  serializedVersion: 6
  m_Component:
  - component: {fileID: 4304617060090718015}
  m_Layer: 0
  m_Name: Basic2_Formation
  m_TagString: Untagged
  m_Icon: {fileID: 5132851093641282708, guid: 0000000000000000d000000000000000, type: 0}
  m_NavMeshLayer: 0
  m_StaticEditorFlags: 0
  m_IsActive: 1
--- !u!4 &4304617060090718015
Transform:
  m_ObjectHideFlags: 0
  m_CorrespondingSourceObject: {fileID: 0}
  m_PrefabInstance: {fileID: 0}
  m_PrefabAsset: {fileID: 0}
  m_GameObject: {fileID: 6294314374247454867}
  m_LocalRotation: {x: 0, y: 0, z: 0, w: 1}
  m_LocalPosition: {x: 0, y: 0, z: 0}
  m_LocalScale: {x: 1, y: 1, z: 1}
  m_Children:
  - {fileID: 613884623181630222}
  - {fileID: 4321312582009600360}
  - {fileID: 8730639942646703431}
  - {fileID: 5714707649602237411}
  - {fileID: 1159028779650469209}
  m_Father: {fileID: 0}
  m_RootOrder: 0
  m_LocalEulerAnglesHint: {x: 0, y: 0, z: 0}
--- !u!1001 &825473108722686259
PrefabInstance:
  m_ObjectHideFlags: 0
  serializedVersion: 2
  m_Modification:
    m_TransformParent: {fileID: 4304617060090718015}
    m_Modifications:
    - target: {fileID: 4916263106154474192, guid: 5ba6e5f2240d5174d85df6e163070928,
        type: 3}
      propertyPath: m_LocalPosition.x
      value: 0.1
      objectReference: {fileID: 0}
    - target: {fileID: 4916263106154474192, guid: 5ba6e5f2240d5174d85df6e163070928,
        type: 3}
      propertyPath: m_LocalPosition.y
      value: -1.4
      objectReference: {fileID: 0}
    - target: {fileID: 4916263106154474192, guid: 5ba6e5f2240d5174d85df6e163070928,
        type: 3}
      propertyPath: m_LocalPosition.z
      value: 0
      objectReference: {fileID: 0}
    - target: {fileID: 4916263106154474192, guid: 5ba6e5f2240d5174d85df6e163070928,
        type: 3}
      propertyPath: m_LocalRotation.x
      value: -0
      objectReference: {fileID: 0}
    - target: {fileID: 4916263106154474192, guid: 5ba6e5f2240d5174d85df6e163070928,
        type: 3}
      propertyPath: m_LocalRotation.y
      value: -0
      objectReference: {fileID: 0}
    - target: {fileID: 4916263106154474192, guid: 5ba6e5f2240d5174d85df6e163070928,
        type: 3}
      propertyPath: m_LocalRotation.z
      value: -0
      objectReference: {fileID: 0}
    - target: {fileID: 4916263106154474192, guid: 5ba6e5f2240d5174d85df6e163070928,
        type: 3}
      propertyPath: m_LocalRotation.w
      value: 1
      objectReference: {fileID: 0}
    - target: {fileID: 4916263106154474192, guid: 5ba6e5f2240d5174d85df6e163070928,
        type: 3}
      propertyPath: m_RootOrder
      value: 3
      objectReference: {fileID: 0}
    - target: {fileID: 4916263106154474192, guid: 5ba6e5f2240d5174d85df6e163070928,
        type: 3}
      propertyPath: m_LocalEulerAnglesHint.x
      value: 0
      objectReference: {fileID: 0}
    - target: {fileID: 4916263106154474192, guid: 5ba6e5f2240d5174d85df6e163070928,
        type: 3}
      propertyPath: m_LocalEulerAnglesHint.y
      value: 0
      objectReference: {fileID: 0}
    - target: {fileID: 4916263106154474192, guid: 5ba6e5f2240d5174d85df6e163070928,
        type: 3}
      propertyPath: m_LocalEulerAnglesHint.z
      value: 0
      objectReference: {fileID: 0}
    - target: {fileID: 5554247841202643297, guid: 5ba6e5f2240d5174d85df6e163070928,
        type: 3}
      propertyPath: m_Name
      value: Enemy_Basic (3)
      objectReference: {fileID: 0}
    m_RemovedComponents: []
  m_SourcePrefab: {fileID: 100100000, guid: 5ba6e5f2240d5174d85df6e163070928, type: 3}
--- !u!4 &5714707649602237411 stripped
Transform:
  m_CorrespondingSourceObject: {fileID: 4916263106154474192, guid: 5ba6e5f2240d5174d85df6e163070928,
    type: 3}
  m_PrefabInstance: {fileID: 825473108722686259}
  m_PrefabAsset: {fileID: 0}
--- !u!1001 &4400973386293514135
PrefabInstance:
  m_ObjectHideFlags: 0
  serializedVersion: 2
  m_Modification:
    m_TransformParent: {fileID: 4304617060090718015}
    m_Modifications:
    - target: {fileID: 4916263106154474192, guid: 5ba6e5f2240d5174d85df6e163070928,
        type: 3}
      propertyPath: m_LocalPosition.x
      value: -0.6
      objectReference: {fileID: 0}
    - target: {fileID: 4916263106154474192, guid: 5ba6e5f2240d5174d85df6e163070928,
        type: 3}
      propertyPath: m_LocalPosition.y
      value: -0.8
      objectReference: {fileID: 0}
    - target: {fileID: 4916263106154474192, guid: 5ba6e5f2240d5174d85df6e163070928,
        type: 3}
      propertyPath: m_LocalPosition.z
      value: 0
      objectReference: {fileID: 0}
    - target: {fileID: 4916263106154474192, guid: 5ba6e5f2240d5174d85df6e163070928,
        type: 3}
      propertyPath: m_LocalRotation.x
      value: -0
      objectReference: {fileID: 0}
    - target: {fileID: 4916263106154474192, guid: 5ba6e5f2240d5174d85df6e163070928,
        type: 3}
      propertyPath: m_LocalRotation.y
      value: -0
      objectReference: {fileID: 0}
    - target: {fileID: 4916263106154474192, guid: 5ba6e5f2240d5174d85df6e163070928,
        type: 3}
      propertyPath: m_LocalRotation.z
      value: -0
      objectReference: {fileID: 0}
    - target: {fileID: 4916263106154474192, guid: 5ba6e5f2240d5174d85df6e163070928,
        type: 3}
      propertyPath: m_LocalRotation.w
      value: 1
      objectReference: {fileID: 0}
    - target: {fileID: 4916263106154474192, guid: 5ba6e5f2240d5174d85df6e163070928,
        type: 3}
      propertyPath: m_RootOrder
      value: 2
      objectReference: {fileID: 0}
    - target: {fileID: 4916263106154474192, guid: 5ba6e5f2240d5174d85df6e163070928,
        type: 3}
      propertyPath: m_LocalEulerAnglesHint.x
      value: 0
      objectReference: {fileID: 0}
    - target: {fileID: 4916263106154474192, guid: 5ba6e5f2240d5174d85df6e163070928,
        type: 3}
      propertyPath: m_LocalEulerAnglesHint.y
      value: 0
      objectReference: {fileID: 0}
    - target: {fileID: 4916263106154474192, guid: 5ba6e5f2240d5174d85df6e163070928,
        type: 3}
      propertyPath: m_LocalEulerAnglesHint.z
      value: 0
      objectReference: {fileID: 0}
    - target: {fileID: 5554247841202643297, guid: 5ba6e5f2240d5174d85df6e163070928,
        type: 3}
      propertyPath: m_Name
      value: Enemy_Basic (2)
      objectReference: {fileID: 0}
    m_RemovedComponents: []
  m_SourcePrefab: {fileID: 100100000, guid: 5ba6e5f2240d5174d85df6e163070928, type: 3}
--- !u!4 &8730639942646703431 stripped
Transform:
  m_CorrespondingSourceObject: {fileID: 4916263106154474192, guid: 5ba6e5f2240d5174d85df6e163070928,
    type: 3}
  m_PrefabInstance: {fileID: 4400973386293514135}
  m_PrefabAsset: {fileID: 0}
--- !u!1001 &5530112412874891742
PrefabInstance:
  m_ObjectHideFlags: 0
  serializedVersion: 2
  m_Modification:
    m_TransformParent: {fileID: 4304617060090718015}
    m_Modifications:
    - target: {fileID: 4916263106154474192, guid: 5ba6e5f2240d5174d85df6e163070928,
        type: 3}
      propertyPath: m_LocalPosition.x
      value: -1
      objectReference: {fileID: 0}
    - target: {fileID: 4916263106154474192, guid: 5ba6e5f2240d5174d85df6e163070928,
        type: 3}
      propertyPath: m_LocalPosition.y
      value: 0
      objectReference: {fileID: 0}
    - target: {fileID: 4916263106154474192, guid: 5ba6e5f2240d5174d85df6e163070928,
        type: 3}
      propertyPath: m_LocalPosition.z
      value: 0
      objectReference: {fileID: 0}
    - target: {fileID: 4916263106154474192, guid: 5ba6e5f2240d5174d85df6e163070928,
        type: 3}
      propertyPath: m_LocalRotation.x
      value: -0
      objectReference: {fileID: 0}
    - target: {fileID: 4916263106154474192, guid: 5ba6e5f2240d5174d85df6e163070928,
        type: 3}
      propertyPath: m_LocalRotation.y
      value: -0
      objectReference: {fileID: 0}
    - target: {fileID: 4916263106154474192, guid: 5ba6e5f2240d5174d85df6e163070928,
        type: 3}
      propertyPath: m_LocalRotation.z
      value: -0
      objectReference: {fileID: 0}
    - target: {fileID: 4916263106154474192, guid: 5ba6e5f2240d5174d85df6e163070928,
        type: 3}
      propertyPath: m_LocalRotation.w
      value: 1
      objectReference: {fileID: 0}
    - target: {fileID: 4916263106154474192, guid: 5ba6e5f2240d5174d85df6e163070928,
        type: 3}
      propertyPath: m_RootOrder
      value: 0
      objectReference: {fileID: 0}
    - target: {fileID: 4916263106154474192, guid: 5ba6e5f2240d5174d85df6e163070928,
        type: 3}
      propertyPath: m_LocalEulerAnglesHint.x
      value: 0
      objectReference: {fileID: 0}
    - target: {fileID: 4916263106154474192, guid: 5ba6e5f2240d5174d85df6e163070928,
        type: 3}
      propertyPath: m_LocalEulerAnglesHint.y
      value: 0
      objectReference: {fileID: 0}
    - target: {fileID: 4916263106154474192, guid: 5ba6e5f2240d5174d85df6e163070928,
        type: 3}
      propertyPath: m_LocalEulerAnglesHint.z
      value: 0
      objectReference: {fileID: 0}
    - target: {fileID: 5554247841202643297, guid: 5ba6e5f2240d5174d85df6e163070928,
        type: 3}
      propertyPath: m_Name
      value: Enemy_Basic
      objectReference: {fileID: 0}
    m_RemovedComponents: []
  m_SourcePrefab: {fileID: 100100000, guid: 5ba6e5f2240d5174d85df6e163070928, type: 3}
--- !u!4 &613884623181630222 stripped
Transform:
  m_CorrespondingSourceObject: {fileID: 4916263106154474192, guid: 5ba6e5f2240d5174d85df6e163070928,
    type: 3}
  m_PrefabInstance: {fileID: 5530112412874891742}
  m_PrefabAsset: {fileID: 0}
--- !u!1001 &6066245033247860617
PrefabInstance:
  m_ObjectHideFlags: 0
  serializedVersion: 2
  m_Modification:
    m_TransformParent: {fileID: 4304617060090718015}
    m_Modifications:
    - target: {fileID: 4916263106154474192, guid: 5ba6e5f2240d5174d85df6e163070928,
        type: 3}
      propertyPath: m_LocalPosition.x
      value: 0.1
      objectReference: {fileID: 0}
    - target: {fileID: 4916263106154474192, guid: 5ba6e5f2240d5174d85df6e163070928,
        type: 3}
      propertyPath: m_LocalPosition.y
      value: 1.4
      objectReference: {fileID: 0}
    - target: {fileID: 4916263106154474192, guid: 5ba6e5f2240d5174d85df6e163070928,
        type: 3}
      propertyPath: m_LocalPosition.z
      value: 0
      objectReference: {fileID: 0}
    - target: {fileID: 4916263106154474192, guid: 5ba6e5f2240d5174d85df6e163070928,
        type: 3}
      propertyPath: m_LocalRotation.x
      value: -0
      objectReference: {fileID: 0}
    - target: {fileID: 4916263106154474192, guid: 5ba6e5f2240d5174d85df6e163070928,
        type: 3}
      propertyPath: m_LocalRotation.y
      value: -0
      objectReference: {fileID: 0}
    - target: {fileID: 4916263106154474192, guid: 5ba6e5f2240d5174d85df6e163070928,
        type: 3}
      propertyPath: m_LocalRotation.z
      value: -0
      objectReference: {fileID: 0}
    - target: {fileID: 4916263106154474192, guid: 5ba6e5f2240d5174d85df6e163070928,
        type: 3}
      propertyPath: m_LocalRotation.w
      value: 1
      objectReference: {fileID: 0}
    - target: {fileID: 4916263106154474192, guid: 5ba6e5f2240d5174d85df6e163070928,
        type: 3}
      propertyPath: m_RootOrder
      value: 4
      objectReference: {fileID: 0}
    - target: {fileID: 4916263106154474192, guid: 5ba6e5f2240d5174d85df6e163070928,
        type: 3}
      propertyPath: m_LocalEulerAnglesHint.x
      value: 0
      objectReference: {fileID: 0}
    - target: {fileID: 4916263106154474192, guid: 5ba6e5f2240d5174d85df6e163070928,
        type: 3}
      propertyPath: m_LocalEulerAnglesHint.y
      value: 0
      objectReference: {fileID: 0}
    - target: {fileID: 4916263106154474192, guid: 5ba6e5f2240d5174d85df6e163070928,
        type: 3}
      propertyPath: m_LocalEulerAnglesHint.z
      value: 0
      objectReference: {fileID: 0}
    - target: {fileID: 5554247841202643297, guid: 5ba6e5f2240d5174d85df6e163070928,
        type: 3}
      propertyPath: m_Name
      value: Enemy_Basic (4)
      objectReference: {fileID: 0}
    m_RemovedComponents: []
  m_SourcePrefab: {fileID: 100100000, guid: 5ba6e5f2240d5174d85df6e163070928, type: 3}
--- !u!4 &1159028779650469209 stripped
Transform:
  m_CorrespondingSourceObject: {fileID: 4916263106154474192, guid: 5ba6e5f2240d5174d85df6e163070928,
    type: 3}
  m_PrefabInstance: {fileID: 6066245033247860617}
  m_PrefabAsset: {fileID: 0}
--- !u!1001 &9206045771674784696
PrefabInstance:
  m_ObjectHideFlags: 0
  serializedVersion: 2
  m_Modification:
    m_TransformParent: {fileID: 4304617060090718015}
    m_Modifications:
    - target: {fileID: 4916263106154474192, guid: 5ba6e5f2240d5174d85df6e163070928,
        type: 3}
      propertyPath: m_LocalPosition.x
      value: -0.6
      objectReference: {fileID: 0}
    - target: {fileID: 4916263106154474192, guid: 5ba6e5f2240d5174d85df6e163070928,
        type: 3}
      propertyPath: m_LocalPosition.y
      value: 0.8
      objectReference: {fileID: 0}
    - target: {fileID: 4916263106154474192, guid: 5ba6e5f2240d5174d85df6e163070928,
        type: 3}
      propertyPath: m_LocalPosition.z
      value: 0
      objectReference: {fileID: 0}
    - target: {fileID: 4916263106154474192, guid: 5ba6e5f2240d5174d85df6e163070928,
        type: 3}
      propertyPath: m_LocalRotation.x
      value: -0
      objectReference: {fileID: 0}
    - target: {fileID: 4916263106154474192, guid: 5ba6e5f2240d5174d85df6e163070928,
        type: 3}
      propertyPath: m_LocalRotation.y
      value: -0
      objectReference: {fileID: 0}
    - target: {fileID: 4916263106154474192, guid: 5ba6e5f2240d5174d85df6e163070928,
        type: 3}
      propertyPath: m_LocalRotation.z
      value: -0
      objectReference: {fileID: 0}
    - target: {fileID: 4916263106154474192, guid: 5ba6e5f2240d5174d85df6e163070928,
        type: 3}
      propertyPath: m_LocalRotation.w
      value: 1
      objectReference: {fileID: 0}
    - target: {fileID: 4916263106154474192, guid: 5ba6e5f2240d5174d85df6e163070928,
        type: 3}
      propertyPath: m_RootOrder
      value: 1
      objectReference: {fileID: 0}
    - target: {fileID: 4916263106154474192, guid: 5ba6e5f2240d5174d85df6e163070928,
        type: 3}
      propertyPath: m_LocalEulerAnglesHint.x
      value: 0
      objectReference: {fileID: 0}
    - target: {fileID: 4916263106154474192, guid: 5ba6e5f2240d5174d85df6e163070928,
        type: 3}
      propertyPath: m_LocalEulerAnglesHint.y
      value: 0
      objectReference: {fileID: 0}
    - target: {fileID: 4916263106154474192, guid: 5ba6e5f2240d5174d85df6e163070928,
        type: 3}
      propertyPath: m_LocalEulerAnglesHint.z
      value: 0
      objectReference: {fileID: 0}
    - target: {fileID: 5554247841202643297, guid: 5ba6e5f2240d5174d85df6e163070928,
        type: 3}
      propertyPath: m_Name
      value: Enemy_Basic (1)
      objectReference: {fileID: 0}
    m_RemovedComponents: []
  m_SourcePrefab: {fileID: 100100000, guid: 5ba6e5f2240d5174d85df6e163070928, type: 3}
--- !u!4 &4321312582009600360 stripped
Transform:
  m_CorrespondingSourceObject: {fileID: 4916263106154474192, guid: 5ba6e5f2240d5174d85df6e163070928,
    type: 3}
  m_PrefabInstance: {fileID: 9206045771674784696}
  m_PrefabAsset: {fileID: 0}
