%YAML 1.1
%TAG !u! tag:unity3d.com,2011:
--- !u!1 &4317295986648637674
GameObject:
  m_ObjectHideFlags: 0
  m_CorrespondingSourceObject: {fileID: 0}
  m_PrefabInstance: {fileID: 0}
  m_PrefabAsset: {fileID: 0}
  serializedVersion: 6
  m_Component:
  - component: {fileID: 5813821548236810979}
  m_Layer: 0
  m_Name: Basic_Formation
  m_TagString: Untagged
  m_Icon: {fileID: 5132851093641282708, guid: 0000000000000000d000000000000000, type: 0}
  m_NavMeshLayer: 0
  m_StaticEditorFlags: 0
  m_IsActive: 1
--- !u!4 &5813821548236810979
Transform:
  m_ObjectHideFlags: 0
  m_CorrespondingSourceObject: {fileID: 0}
  m_PrefabInstance: {fileID: 0}
  m_PrefabAsset: {fileID: 0}
  m_GameObject: {fileID: 4317295986648637674}
  m_LocalRotation: {x: 0, y: 0, z: 0, w: 1}
  m_LocalPosition: {x: 0, y: 0, z: 0}
  m_LocalScale: {x: 1, y: 1, z: 1}
  m_Children:
  - {fileID: 3921795376608014739}
  - {fileID: 5308341787637040461}
  - {fileID: 1030624663669515238}
  m_Father: {fileID: 0}
  m_RootOrder: 0
  m_LocalEulerAnglesHint: {x: 0, y: 0, z: 0}
--- !u!1001 &977588451006607261
PrefabInstance:
  m_ObjectHideFlags: 0
  serializedVersion: 2
  m_Modification:
    m_TransformParent: {fileID: 5813821548236810979}
    m_Modifications:
    - target: {fileID: 4916263106154474192, guid: 5ba6e5f2240d5174d85df6e163070928,
        type: 3}
      propertyPath: m_LocalPosition.x
      value: 0
      objectReference: {fileID: 0}
    - target: {fileID: 4916263106154474192, guid: 5ba6e5f2240d5174d85df6e163070928,
        type: 3}
      propertyPath: m_LocalPosition.y
      value: 1
      objectReference: {fileID: 0}
    - target: {fileID: 4916263106154474192, guid: 5ba6e5f2240d5174d85df6e163070928,
        type: 3}
      propertyPath: m_LocalPosition.z
      value: 0
      objectReference: {fileID: 0}
    - target: {fileID: 4916263106154474192, guid: 5ba6e5f2240d5174d85df6e163070928,
        type: 3}
      propertyPath: m_LocalRotation.x
      value: -0
      objectReference: {fileID: 0}
    - target: {fileID: 4916263106154474192, guid: 5ba6e5f2240d5174d85df6e163070928,
        type: 3}
      propertyPath: m_LocalRotation.y
      value: -0
      objectReference: {fileID: 0}
    - target: {fileID: 4916263106154474192, guid: 5ba6e5f2240d5174d85df6e163070928,
        type: 3}
      propertyPath: m_LocalRotation.z
      value: -0
      objectReference: {fileID: 0}
    - target: {fileID: 4916263106154474192, guid: 5ba6e5f2240d5174d85df6e163070928,
        type: 3}
      propertyPath: m_LocalRotation.w
      value: 1
      objectReference: {fileID: 0}
    - target: {fileID: 4916263106154474192, guid: 5ba6e5f2240d5174d85df6e163070928,
        type: 3}
      propertyPath: m_RootOrder
      value: 1
      objectReference: {fileID: 0}
    - target: {fileID: 4916263106154474192, guid: 5ba6e5f2240d5174d85df6e163070928,
        type: 3}
      propertyPath: m_LocalEulerAnglesHint.x
      value: 0
      objectReference: {fileID: 0}
    - target: {fileID: 4916263106154474192, guid: 5ba6e5f2240d5174d85df6e163070928,
        type: 3}
      propertyPath: m_LocalEulerAnglesHint.y
      value: 0
      objectReference: {fileID: 0}
    - target: {fileID: 4916263106154474192, guid: 5ba6e5f2240d5174d85df6e163070928,
        type: 3}
      propertyPath: m_LocalEulerAnglesHint.z
      value: 0
      objectReference: {fileID: 0}
    - target: {fileID: 5554247841202643297, guid: 5ba6e5f2240d5174d85df6e163070928,
        type: 3}
      propertyPath: m_Name
      value: Enemy_Basic (1)
      objectReference: {fileID: 0}
    m_RemovedComponents: []
  m_SourcePrefab: {fileID: 100100000, guid: 5ba6e5f2240d5174d85df6e163070928, type: 3}
--- !u!4 &5308341787637040461 stripped
Transform:
  m_CorrespondingSourceObject: {fileID: 4916263106154474192, guid: 5ba6e5f2240d5174d85df6e163070928,
    type: 3}
  m_PrefabInstance: {fileID: 977588451006607261}
  m_PrefabAsset: {fileID: 0}
--- !u!1001 &5365916449291700534
PrefabInstance:
  m_ObjectHideFlags: 0
  serializedVersion: 2
  m_Modification:
    m_TransformParent: {fileID: 5813821548236810979}
    m_Modifications:
    - target: {fileID: 4916263106154474192, guid: 5ba6e5f2240d5174d85df6e163070928,
        type: 3}
      propertyPath: m_LocalPosition.x
      value: 0
      objectReference: {fileID: 0}
    - target: {fileID: 4916263106154474192, guid: 5ba6e5f2240d5174d85df6e163070928,
        type: 3}
      propertyPath: m_LocalPosition.y
      value: -1
      objectReference: {fileID: 0}
    - target: {fileID: 4916263106154474192, guid: 5ba6e5f2240d5174d85df6e163070928,
        type: 3}
      propertyPath: m_LocalPosition.z
      value: 0
      objectReference: {fileID: 0}
    - target: {fileID: 4916263106154474192, guid: 5ba6e5f2240d5174d85df6e163070928,
        type: 3}
      propertyPath: m_LocalRotation.x
      value: -0
      objectReference: {fileID: 0}
    - target: {fileID: 4916263106154474192, guid: 5ba6e5f2240d5174d85df6e163070928,
        type: 3}
      propertyPath: m_LocalRotation.y
      value: -0
      objectReference: {fileID: 0}
    - target: {fileID: 4916263106154474192, guid: 5ba6e5f2240d5174d85df6e163070928,
        type: 3}
      propertyPath: m_LocalRotation.z
      value: -0
      objectReference: {fileID: 0}
    - target: {fileID: 4916263106154474192, guid: 5ba6e5f2240d5174d85df6e163070928,
        type: 3}
      propertyPath: m_LocalRotation.w
      value: 1
      objectReference: {fileID: 0}
    - target: {fileID: 4916263106154474192, guid: 5ba6e5f2240d5174d85df6e163070928,
        type: 3}
      propertyPath: m_RootOrder
      value: 2
      objectReference: {fileID: 0}
    - target: {fileID: 4916263106154474192, guid: 5ba6e5f2240d5174d85df6e163070928,
        type: 3}
      propertyPath: m_LocalEulerAnglesHint.x
      value: 0
      objectReference: {fileID: 0}
    - target: {fileID: 4916263106154474192, guid: 5ba6e5f2240d5174d85df6e163070928,
        type: 3}
      propertyPath: m_LocalEulerAnglesHint.y
      value: 0
      objectReference: {fileID: 0}
    - target: {fileID: 4916263106154474192, guid: 5ba6e5f2240d5174d85df6e163070928,
        type: 3}
      propertyPath: m_LocalEulerAnglesHint.z
      value: 0
      objectReference: {fileID: 0}
    - target: {fileID: 5554247841202643297, guid: 5ba6e5f2240d5174d85df6e163070928,
        type: 3}
      propertyPath: m_Name
      value: Enemy_Basic (2)
      objectReference: {fileID: 0}
    m_RemovedComponents: []
  m_SourcePrefab: {fileID: 100100000, guid: 5ba6e5f2240d5174d85df6e163070928, type: 3}
--- !u!4 &1030624663669515238 stripped
Transform:
  m_CorrespondingSourceObject: {fileID: 4916263106154474192, guid: 5ba6e5f2240d5174d85df6e163070928,
    type: 3}
  m_PrefabInstance: {fileID: 5365916449291700534}
  m_PrefabAsset: {fileID: 0}
--- !u!1001 &8239079481060318019
PrefabInstance:
  m_ObjectHideFlags: 0
  serializedVersion: 2
  m_Modification:
    m_TransformParent: {fileID: 5813821548236810979}
    m_Modifications:
    - target: {fileID: 4916263106154474192, guid: 5ba6e5f2240d5174d85df6e163070928,
        type: 3}
      propertyPath: m_LocalPosition.x
      value: -1
      objectReference: {fileID: 0}
    - target: {fileID: 4916263106154474192, guid: 5ba6e5f2240d5174d85df6e163070928,
        type: 3}
      propertyPath: m_LocalPosition.y
      value: 0
      objectReference: {fileID: 0}
    - target: {fileID: 4916263106154474192, guid: 5ba6e5f2240d5174d85df6e163070928,
        type: 3}
      propertyPath: m_LocalPosition.z
      value: 0
      objectReference: {fileID: 0}
    - target: {fileID: 4916263106154474192, guid: 5ba6e5f2240d5174d85df6e163070928,
        type: 3}
      propertyPath: m_LocalRotation.x
      value: -0
      objectReference: {fileID: 0}
    - target: {fileID: 4916263106154474192, guid: 5ba6e5f2240d5174d85df6e163070928,
        type: 3}
      propertyPath: m_LocalRotation.y
      value: -0
      objectReference: {fileID: 0}
    - target: {fileID: 4916263106154474192, guid: 5ba6e5f2240d5174d85df6e163070928,
        type: 3}
      propertyPath: m_LocalRotation.z
      value: -0
      objectReference: {fileID: 0}
    - target: {fileID: 4916263106154474192, guid: 5ba6e5f2240d5174d85df6e163070928,
        type: 3}
      propertyPath: m_LocalRotation.w
      value: 1
      objectReference: {fileID: 0}
    - target: {fileID: 4916263106154474192, guid: 5ba6e5f2240d5174d85df6e163070928,
        type: 3}
      propertyPath: m_RootOrder
      value: 0
      objectReference: {fileID: 0}
    - target: {fileID: 4916263106154474192, guid: 5ba6e5f2240d5174d85df6e163070928,
        type: 3}
      propertyPath: m_LocalEulerAnglesHint.x
      value: 0
      objectReference: {fileID: 0}
    - target: {fileID: 4916263106154474192, guid: 5ba6e5f2240d5174d85df6e163070928,
        type: 3}
      propertyPath: m_LocalEulerAnglesHint.y
      value: 0
      objectReference: {fileID: 0}
    - target: {fileID: 4916263106154474192, guid: 5ba6e5f2240d5174d85df6e163070928,
        type: 3}
      propertyPath: m_LocalEulerAnglesHint.z
      value: 0
      objectReference: {fileID: 0}
    - target: {fileID: 5554247841202643297, guid: 5ba6e5f2240d5174d85df6e163070928,
        type: 3}
      propertyPath: m_Name
      value: Enemy_Basic
      objectReference: {fileID: 0}
    m_RemovedComponents: []
  m_SourcePrefab: {fileID: 100100000, guid: 5ba6e5f2240d5174d85df6e163070928, type: 3}
--- !u!4 &3921795376608014739 stripped
Transform:
  m_CorrespondingSourceObject: {fileID: 4916263106154474192, guid: 5ba6e5f2240d5174d85df6e163070928,
    type: 3}
  m_PrefabInstance: {fileID: 8239079481060318019}
  m_PrefabAsset: {fileID: 0}
